
@article{arnold_research_2012,
	title = {Research, {Development}, and {Demonstration} {Roadmap} for {Deep} {Borehole} {Disposal}},
	url = {http://energy.gov/sites/prod/files/2013/06/f1/FY12%20Research,%20Development,%20and%20Demonstration%20Roadmap%20for%20Deep%20Borehole%20Disposal.pdf},
	urldate = {2016-02-07},
	journal = {SAND2012- 8527P. Albuquerque, NM: Sandia National Laboratories},
	author = {Arnold, Bill W. and Vaughn, Palmer and MacKinnon, Robert and Tillman, Jack and Nielson, Dennis and Brady, Patrick and Halsey, William and Altman, Susan},
	year = {2012},
	file = {[PDF] from energy.gov:/Users/khuff/Library/Application Support/Zotero/Profiles/lvoutoj9.default/zotero/storage/UTN3WGT5/Arnold et al. - 2012 - Research, Development, and Demonstration Roadmap f.pdf:application/pdf}
}

@article{brady_deep_2009,
	title = {Deep borehole disposal of high-level radioactive waste},
	url = {http://cybercemetery.unt.edu/archive/brc/20120621235054/http://brc.gov/sites/default/files/comments/attachments/borehole_sand2009-4401.pdf},
	urldate = {2013-01-31},
	journal = {SAND2009-4401, Sandia National Laboratories},
	author = {Brady, P. V. and Arnold, B. W. and Freeze, G. A. and Swift, P. N. and Bauer, S. J. and Kanney, J. L. and Rechard, R. P. and Stein, J. S.},
	year = {2009},
	file = {[PDF] from unt.edu:/Users/khuff/Library/Application Support/Zotero/Profiles/lvoutoj9.default/zotero/storage/T936NAIP/Brady et al. - 2009 - Deep borehole disposal of high-level radioactive w.pdf:application/pdf}
}

@techreport{arnold_geological_2012,
	title = {Geological and practical aspects of deep borehole disposal.},
	url = {http://www.osti.gov/scitech/biblio/1097217},
	urldate = {2016-08-15},
	institution = {Sandia National Laboratories (SNL-NM), Albuquerque, NM (United States)},
	author = {Arnold, Bill Walter and Brady, Patrick Vane},
	year = {2012},
	file = {121383c.pdf:/Users/khuff/Library/Application Support/Zotero/Profiles/lvoutoj9.default/zotero/storage/GDXQ4N7P/121383c.pdf:application/pdf;Snapshot:/Users/khuff/Library/Application Support/Zotero/Profiles/lvoutoj9.default/zotero/storage/9VGCQRRD/1097217.html:text/html}
}

@article{tester2006future,
  title={The future of geothermal energy},
  author={Tester, Jefferson W and Anderson, Brian J and Batchelor, AS and Blackwell, DD and DiPippo, Ronald and Drake, EM and Garnish, J and Livesay, B and Moore, MC and Nichols, K and others},
  journal={Impact of Enhanced Geothermal Systems (EGS) on the United States in the 21st Century, Massachusetts Institute of Technology, Cambridge, MA},
  pages={372},
  year={2006}
}


